<?xml version="1.0" encoding="utf8" standalone="no" ?>
<marc:record xmlns:marc="http://www.bs.dk/standards/MarcXchange" area="BIB" id="C_807429" noticeType="MPA1" rule="UNI:1">

	<marc:controlfield tag="000">jm</marc:controlfield>

	<marc:controlfield tag="001">807429</marc:controlfield>

	<marc:datafield ind1=" " ind2=" " tag="100">
		<marc:subfield code="a">20070209d||||    uuuy0frey0103    ba</marc:subfield>
	</marc:datafield>

	<marc:datafield ind1="|" ind2="|" tag="101">
		<marc:subfield code="a" referentialName="UNI:LANGUES" referentialType="TABLE">fre</marc:subfield>
	</marc:datafield>

	<marc:datafield ind1=" " ind2=" " tag="102">
		<marc:subfield code="a" referentialName="UNI:PAYS" referentialType="TABLE">FR</marc:subfield>
	</marc:datafield>

	<marc:datafield ind1=" " ind2=" " tag="125">
		<marc:subfield code="a">xx</marc:subfield>
		<marc:subfield code="b">|</marc:subfield>
	</marc:datafield>

	<marc:datafield ind1=" " ind2=" " tag="126">
		<marc:subfield code="a">agbxhxxd|||||bd</marc:subfield>
		<marc:subfield code="b">bex</marc:subfield>
	</marc:datafield>

	<marc:datafield ind1=" " ind2=" " tag="127">
		<marc:subfield code="a">||||||</marc:subfield>
	</marc:datafield>

	<marc:datafield ind1="|" ind2=" " tag="200">
		<marc:subfield code="a">Musique et marché du travail : Enjeux et perspectives européennes</marc:subfield>
		<marc:subfield code="b">Enregistrement sonore</marc:subfield>
		<marc:subfield code="e">séminaire enregistré à la cité de la musique le 17 mars 2007 (10h, amphithéâtre)</marc:subfield>
		<marc:subfield code="f">[Auteurs divers]</marc:subfield>
	</marc:datafield>

	<marc:datafield ind1="|" ind2="|" tag="210">
		<marc:subfield code="a">Paris</marc:subfield>
		<marc:subfield code="c">Cité de la musique</marc:subfield>
		<marc:subfield code="d">2007</marc:subfield>
	</marc:datafield>

	<marc:datafield ind1=" " ind2=" " tag="215">
		<marc:subfield code="a">4h 58 min 5 sec</marc:subfield>
	</marc:datafield>

	<marc:datafield ind1=" " ind2=" " tag="305">
		<marc:subfield code="a">Archivé à la Cité de la musique</marc:subfield>
	</marc:datafield>

	<marc:datafield ind1=" " ind2="0" tag="801">
		<marc:subfield code="a" referentialName="UNI:PAYS" referentialType="TABLE">FR</marc:subfield>
		<marc:subfield code="b">Cite de la musique</marc:subfield>
		<marc:subfield code="c">20070209</marc:subfield>
	</marc:datafield>

	<marc:datafield ind1="|" ind2="|" tag="856">
		<marc:subfield code="u">http://mediatheque.cite-musique.fr/masc/link.asp?IDNOTICE=0802784</marc:subfield>
		<marc:subfield code="2">document numérique lié</marc:subfield>
		<marc:subfield code="e">||||||||||||</marc:subfield>
		<marc:subfield code="b">CMAU000115900</marc:subfield>
	</marc:datafield>

	<marc:datafield ind1=" " ind2=" " tag="900">
		<marc:subfield code="c">CONTRAT_1</marc:subfield>
	</marc:datafield>

	<marc:datafield ind1=" " ind2=" " tag="911">
		<marc:subfield code="a" referentialName="THESAURUS1" referentialType="THESAURUS">DESC880948</marc:subfield>
		<marc:subfield code="a" referentialName="THESAURUS1" referentialType="THESAURUS">DESC145872</marc:subfield>
		<marc:subfield code="a" referentialName="THESAURUS1" referentialType="THESAURUS">DESC68442</marc:subfield>
	</marc:datafield>

	<marc:datafield ind1=" " ind2=" " tag="937">
		<marc:subfield code="a">MPA1</marc:subfield>
	</marc:datafield>

	<marc:datafield ind1=" " ind2=" " tag="942">
		<marc:subfield code="c">UNI2P</marc:subfield>
		<marc:subfield code="#">0</marc:subfield>
	</marc:datafield>

	<marc:datafield ind1=" " ind2=" " tag="945">
		<marc:subfield code="a">CMAU000115901#01-05 ; CMAU000115902#01-04 ; CMAU000115903#01 ; CMAU000115904#01-02 ; CMAU000115905#01-05</marc:subfield>
		<marc:subfield code="#">0</marc:subfield>
	</marc:datafield>

	<marc:datafield ind1=" " ind2=" " tag="946">
		<marc:subfield code="a">20070317</marc:subfield>
		<marc:subfield code="#">0</marc:subfield>
	</marc:datafield>

	<marc:datafield ind1=" " ind2=" " tag="948">
		<marc:subfield code="a">CMAU000115904_02</marc:subfield>
		<marc:subfield code="b">42:32</marc:subfield>
		<marc:subfield code="c">45:26</marc:subfield>
		<marc:subfield code="m">CMAU000115900_e</marc:subfield>
		<marc:subfield code="#">0</marc:subfield>
	</marc:datafield>

	<marc:datafield ind1=" " ind2="|" tag="959">
		<marc:subfield code="3" id="948228">
			<marc:record>
				<marc:controlfield tag="000">am</marc:controlfield>
				<marc:controlfield tag="001">948228</marc:controlfield>
				<marc:datafield ind1=" " ind2=" " tag="100">
					<marc:subfield code="a">20100903m2007         fre 03      ba</marc:subfield>
				</marc:datafield>
				<marc:datafield ind1="|" ind2="|" tag="101">
					<marc:subfield code="a" referentialName="UNI:LANGUES" referentialType="TABLE">fre</marc:subfield>
				</marc:datafield>
				<marc:datafield ind1=" " ind2=" " tag="102">
					<marc:subfield code="a" referentialName="UNI:PAYS" referentialType="TABLE">FR</marc:subfield>
				</marc:datafield>
				<marc:datafield ind1="|" ind2=" " tag="200">
					<marc:subfield code="a">Ouverture</marc:subfield>
					<marc:subfield code="b">Enregistrement sonore</marc:subfield>
					<marc:subfield code="f">Laurent Bayle</marc:subfield>
				</marc:datafield>
				<marc:datafield ind1="|" ind2="|" tag="210">
					<marc:subfield code="a">Paris</marc:subfield>
					<marc:subfield code="c">Cité de la musique</marc:subfield>
					<marc:subfield code="d">2007</marc:subfield>
				</marc:datafield>
				<marc:datafield ind1=" " ind2=" " tag="215">
					<marc:subfield code="a">9 min 22 sec</marc:subfield>
				</marc:datafield>
				<marc:datafield ind1=" " ind2=" " tag="305">
					<marc:subfield code="a">Archivé à la Cité de la musique</marc:subfield>
				</marc:datafield>
				<marc:datafield ind1=" " ind2="1" tag="700">
					<marc:subfield code="3" id="54473">
						<marc:record>
							<marc:controlfield tag="000">nx</marc:controlfield>
							<marc:controlfield tag="001">54473</marc:controlfield>
							<marc:datafield ind1=" " ind2=" " tag="010">
								<marc:subfield code="a">0000000053359317</marc:subfield>
								<marc:subfield code="2">SAISIE</marc:subfield>
								<marc:subfield code="d">20210330</marc:subfield>
							</marc:datafield>
							<marc:datafield ind1=" " ind2=" " tag="100">
								<marc:subfield code="a">20040322afrey01010101ba0</marc:subfield>
							</marc:datafield>
							<marc:datafield ind1=" " ind2=" " tag="120">
								<marc:subfield code="a">b </marc:subfield>
							</marc:datafield>
							<marc:datafield ind1=" " ind2="|" tag="200">
								<marc:subfield code="a">Bayle</marc:subfield>
								<marc:subfield code="b">Laurent</marc:subfield>
								<marc:subfield code="f">1951-....</marc:subfield>
							</marc:datafield>
							<marc:datafield ind1=" " ind2="|" tag="801">
								<marc:subfield code="a" referentialName="AUC:PAYS" referentialType="TABLE">FR</marc:subfield>
								<marc:subfield code="b">CITE MUSIQUE</marc:subfield>
								<marc:subfield code="c">20040721</marc:subfield>
							</marc:datafield>
							<marc:datafield ind1=" " ind2=" " tag="937">
								<marc:subfield code="a">APEP</marc:subfield>
							</marc:datafield>
							<marc:datafield ind1="|" ind2="|" tag="941">
								<marc:subfield code="a">AIC1</marc:subfield>
								<marc:subfield code="b">18129</marc:subfield>
							</marc:datafield>
							<marc:datafield ind1="|" ind2="|" tag="994">
								<marc:subfield code="a">FRBNF12537147</marc:subfield>
								<marc:subfield code="b">https://data.bnf.fr/ark:/12148/cb12537147j</marc:subfield>
							</marc:datafield>
						</marc:record>
						<marc:rule>AUC:8</marc:rule>
						<marc:area>AUT</marc:area>
						<marc:noticeType>APEP</marc:noticeType>
					</marc:subfield>
					<marc:subfield code="4" referentialName="UNI:FONCTION" referentialType="TABLE">800</marc:subfield>
				</marc:datafield>
				<marc:datafield ind1=" " ind2="|" tag="801">
					<marc:subfield code="a" referentialName="UNI:PAYS" referentialType="TABLE">FR</marc:subfield>
					<marc:subfield code="b">Cité de la Musique - Philharmonie de Paris</marc:subfield>
					<marc:subfield code="c">20100903</marc:subfield>
				</marc:datafield>
				<marc:datafield ind1="|" ind2="1" tag="856">
					<marc:subfield code="d">CMAU000115901_01</marc:subfield>
				</marc:datafield>
				<marc:datafield ind1=" " ind2=" " tag="937">
					<marc:subfield code="a">MPA2</marc:subfield>
				</marc:datafield>
				<marc:datafield ind1=" " ind2=" " tag="942">
					<marc:subfield code="c">UNI42P</marc:subfield>
					<marc:subfield code="#">0</marc:subfield>
				</marc:datafield>
				<marc:datafield ind1=" " ind2=" " tag="946">
					<marc:subfield code="a">20070317</marc:subfield>
					<marc:subfield code="#">0</marc:subfield>
				</marc:datafield>
			</marc:record>