
			<marc:rule>UNI:1</marc:rule>
			<marc:area>BIB</marc:area>
			<marc:noticeType>MPA2</marc:noticeType>
		</marc:subfield>
	</marc:datafield>

	<marc:datafield ind1=" " ind2="|" tag="959">
		<marc:subfield code="3" id="948229">
			<marc:record>
				<marc:controlfield tag="000">am</marc:controlfield>
				<marc:controlfield tag="001">948229</marc:controlfield>
				<marc:datafield ind1=" " ind2=" " tag="100">
					<marc:subfield code="a">20100903m2007         fre 03      ba</marc:subfield>
				</marc:datafield>
				<marc:datafield ind1="|" ind2="|" tag="101">
					<marc:subfield code="a" referentialName="UNI:LANGUES" referentialType="TABLE">fre</marc:subfield>
				</marc:datafield>
				<marc:datafield ind1=" " ind2=" " tag="102">
					<marc:subfield code="a" referentialName="UNI:PAYS" referentialType="TABLE">FR</marc:subfield>
				</marc:datafield>
				<marc:datafield ind1="|" ind2=" " tag="200">
					<marc:subfield code="a">Travail artistique et trajectoire de professionnalisation</marc:subfield>
					<marc:subfield code="b">Enregistrement sonore</marc:subfield>
					<marc:subfield code="f">[Auteurs divers]</marc:subfield>
				</marc:datafield>
				<marc:datafield ind1="|" ind2="|" tag="210">
					<marc:subfield code="a">Paris</marc:subfield>
					<marc:subfield code="c">Cité de la musique</marc:subfield>
					<marc:subfield code="d">2007</marc:subfield>
				</marc:datafield>
				<marc:datafield ind1=" " ind2=" " tag="215">
					<marc:subfield code="a">45 min 9 sec</marc:subfield>
				</marc:datafield>
				<marc:datafield ind1=" " ind2=" " tag="305">
					<marc:subfield code="a">Archivé à la Cité de la musique</marc:subfield>
				</marc:datafield>
				<marc:datafield ind1=" " ind2="|" tag="801">
					<marc:subfield code="a" referentialName="UNI:PAYS" referentialType="TABLE">FR</marc:subfield>
					<marc:subfield code="b">Cité de la Musique - Philharmonie de Paris</marc:subfield>
					<marc:subfield code="c">20100903</marc:subfield>
				</marc:datafield>
				<marc:datafield ind1="|" ind2="1" tag="856">
					<marc:subfield code="b">CMAUXXXXXXXXX</marc:subfield>
				</marc:datafield>
				<marc:datafield ind1=" " ind2=" " tag="937">
					<marc:subfield code="a">MPA2</marc:subfield>
				</marc:datafield>
				<marc:datafield ind1=" " ind2=" " tag="942">
					<marc:subfield code="c">UNI42P</marc:subfield>
					<marc:subfield code="#">0</marc:subfield>
				</marc:datafield>
				<marc:datafield ind1=" " ind2=" " tag="945">
					<marc:subfield code="a">CMAU000115901#02-05</marc:subfield>
					<marc:subfield code="#">0</marc:subfield>
				</marc:datafield>
				<marc:datafield ind1=" " ind2=" " tag="946">
					<marc:subfield code="a">20070317</marc:subfield>
					<marc:subfield code="#">0</marc:subfield>
				</marc:datafield>
				<marc:datafield ind1=" " ind2="|" tag="959">
					<marc:subfield code="3" id="948241">
						<marc:record>
							<marc:controlfield tag="000">am</marc:controlfield>
							<marc:controlfield tag="001">948241</marc:controlfield>
							<marc:datafield ind1=" " ind2=" " tag="100">
								<marc:subfield code="a">20100903m2007         fre 03      ba</marc:subfield>
							</marc:datafield>
							<marc:datafield ind1="|" ind2="|" tag="101">
								<marc:subfield code="a" referentialName="UNI:LANGUES" referentialType="TABLE">fre</marc:subfield>
							</marc:datafield>
							<marc:datafield ind1=" " ind2=" " tag="102">
								<marc:subfield code="a" referentialName="UNI:PAYS" referentialType="TABLE">FR</marc:subfield>
							</marc:datafield>
							<marc:datafield ind1="|" ind2=" " tag="200">
								<marc:subfield code="a">Introduction</marc:subfield>
								<marc:subfield code="b">Enregistrement sonore</marc:subfield>
								<marc:subfield code="f">[Auteurs divers]</marc:subfield>
								<marc:subfield code="g">Christiane Louis ; Pascal Nicolas-Le Strat</marc:subfield>
							</marc:datafield>
							<marc:datafield ind1="|" ind2="|" tag="210">
								<marc:subfield code="a">Paris</marc:subfield>
								<marc:subfield code="c">Cité de la musique</marc:subfield>
								<marc:subfield code="d">2007</marc:subfield>
							</marc:datafield>
							<marc:datafield ind1=" " ind2=" " tag="215">
								<marc:subfield code="a">7 min 28 sec</marc:subfield>
							</marc:datafield>
							<marc:datafield ind1=" " ind2=" " tag="305">
								<marc:subfield code="a">Archivé à la Cité de la musique</marc:subfield>
							</marc:datafield>
							<marc:datafield ind1=" " ind2="1" tag="701">
								<marc:subfield code="3" id="560180"/>
								<marc:subfield code="4" referentialName="UNI:FONCTION" referentialType="TABLE">800</marc:subfield>
							</marc:datafield>
							<marc:datafield ind1=" " ind2="|" tag="701">
								<marc:subfield code="3" id="49309"/>
								<marc:subfield code="4" referentialName="UNI:FONCTION" referentialType="TABLE">800</marc:subfield>
							</marc:datafield>
							<marc:datafield ind1=" " ind2="|" tag="801">
								<marc:subfield code="a" referentialName="UNI:PAYS" referentialType="TABLE">FR</marc:subfield>
								<marc:subfield code="b">Cité de la Musique - Philharmonie de Paris</marc:subfield>
								<marc:subfield code="c">20100903</marc:subfield>
							</marc:datafield>
							<marc:datafield ind1="|" ind2="1" tag="856">
								<marc:subfield code="d">CMAU000115901_02</marc:subfield>
							</marc:datafield>
							<marc:datafield ind1=" " ind2=" " tag="937">
								<marc:subfield code="a">MPA3</marc:subfield>
							</marc:datafield>
							<marc:datafield ind1=" " ind2=" " tag="942">
								<marc:subfield code="c">UNI62C</marc:subfield>
								<marc:subfield code="#">0</marc:subfield>
							</marc:datafield>
							<marc:datafield ind1=" " ind2=" " tag="946">
								<marc:subfield code="a">20070317</marc:subfield>
								<marc:subfield code="#">0</marc:subfield>
							</marc:datafield>
						</marc:record>