
						<marc:rule>UNI:1</marc:rule>
						<marc:area>BIB</marc:area>
						<marc:noticeType>MPA3</marc:noticeType>
					</marc:subfield>
				</marc:datafield>
				<marc:datafield ind1=" " ind2="|" tag="959">
					<marc:subfield code="3" id="948259">
						<marc:record>
							<marc:controlfield tag="000">am</marc:controlfield>
							<marc:controlfield tag="001">948259</marc:controlfield>
							<marc:datafield ind1=" " ind2=" " tag="100">
								<marc:subfield code="a">20100903m2007         fre 03      ba</marc:subfield>
							</marc:datafield>
							<marc:datafield ind1="|" ind2="|" tag="101">
								<marc:subfield code="a" referentialName="UNI:LANGUES" referentialType="TABLE">fre</marc:subfield>
							</marc:datafield>
							<marc:datafield ind1=" " ind2=" " tag="102">
								<marc:subfield code="a" referentialName="UNI:PAYS" referentialType="TABLE">FR</marc:subfield>
							</marc:datafield>
							<marc:datafield ind1="|" ind2=" " tag="200">
								<marc:subfield code="a">Régime d'emploi et statut professionnel</marc:subfield>
								<marc:subfield code="b">Enregistrement sonore</marc:subfield>
								<marc:subfield code="f">Antony Marschutz</marc:subfield>
							</marc:datafield>
							<marc:datafield ind1="|" ind2="|" tag="210">
								<marc:subfield code="a">Paris</marc:subfield>
								<marc:subfield code="c">Cité de la musique</marc:subfield>
								<marc:subfield code="d">2007</marc:subfield>
							</marc:datafield>
							<marc:datafield ind1=" " ind2=" " tag="215">
								<marc:subfield code="a">18 min 21 sec</marc:subfield>
							</marc:datafield>
							<marc:datafield ind1=" " ind2=" " tag="305">
								<marc:subfield code="a">Archivé à la Cité de la musique</marc:subfield>
							</marc:datafield>
							<marc:datafield ind1=" " ind2="1" tag="700">
								<marc:subfield code="3" id="948254"/>
								<marc:subfield code="4" referentialName="UNI:FONCTION" referentialType="TABLE">800</marc:subfield>
							</marc:datafield>
							<marc:datafield ind1=" " ind2="|" tag="801">
								<marc:subfield code="a" referentialName="UNI:PAYS" referentialType="TABLE">FR</marc:subfield>
								<marc:subfield code="b">Cité de la Musique - Philharmonie de Paris</marc:subfield>
								<marc:subfield code="c">20100903</marc:subfield>
							</marc:datafield>
							<marc:datafield ind1="|" ind2="1" tag="856">
								<marc:subfield code="d">CMAU000115902_03</marc:subfield>
							</marc:datafield>
							<marc:datafield ind1=" " ind2=" " tag="937">
								<marc:subfield code="a">MPA3</marc:subfield>
							</marc:datafield>
							<marc:datafield ind1=" " ind2=" " tag="942">
								<marc:subfield code="c">UNI62P</marc:subfield>
								<marc:subfield code="#">0</marc:subfield>
							</marc:datafield>
							<marc:datafield ind1=" " ind2=" " tag="946">
								<marc:subfield code="a">20070317</marc:subfield>
								<marc:subfield code="#">0</marc:subfield>
							</marc:datafield>
						</marc:record>
						<marc:rule>UNI:1</marc:rule>
						<marc:area>BIB</marc:area>
						<marc:noticeType>MPA3</marc:noticeType>
					</marc:subfield>
				</marc:datafield>
			</marc:record>