
			<marc:rule>UNI:1</marc:rule>
			<marc:area>BIB</marc:area>
			<marc:noticeType>MPA2</marc:noticeType>
		</marc:subfield>
	</marc:datafield>

	<marc:datafield ind1=" " ind2="|" tag="959">
		<marc:subfield code="3" id="948265">
			<marc:record>
				<marc:controlfield tag="000">am</marc:controlfield>
				<marc:controlfield tag="001">948265</marc:controlfield>
				<marc:datafield ind1=" " ind2=" " tag="100">
					<marc:subfield code="a">20100903m2007         fre 03      ba</marc:subfield>
				</marc:datafield>
				<marc:datafield ind1="|" ind2="|" tag="101">
					<marc:subfield code="a" referentialName="UNI:LANGUES" referentialType="TABLE">fre</marc:subfield>
					<marc:subfield code="a" referentialName="UNI:LANGUES" referentialType="TABLE">eng</marc:subfield>
				</marc:datafield>
				<marc:datafield ind1=" " ind2=" " tag="102">
					<marc:subfield code="a" referentialName="UNI:PAYS" referentialType="TABLE">FR</marc:subfield>
				</marc:datafield>
				<marc:datafield ind1="|" ind2=" " tag="200">
					<marc:subfield code="a">Regard sur l'Allemagne : formation du musicien et marché du travail artistique</marc:subfield>
					<marc:subfield code="b">Enregistrement sonore</marc:subfield>
					<marc:subfield code="f">Katja Schaefer</marc:subfield>
					<marc:subfield code="g">Christiane Louis, introduction</marc:subfield>
				</marc:datafield>
				<marc:datafield ind1="|" ind2="|" tag="210">
					<marc:subfield code="a">Paris</marc:subfield>
					<marc:subfield code="c">Cité de la musique</marc:subfield>
					<marc:subfield code="d">2007</marc:subfield>
				</marc:datafield>
				<marc:datafield ind1=" " ind2=" " tag="215">
					<marc:subfield code="a">1h 10 min 7 sec</marc:subfield>
				</marc:datafield>
				<marc:datafield ind1=" " ind2=" " tag="300">
					<marc:subfield code="a">Intervention en anglais traduite en français</marc:subfield>
				</marc:datafield>
				<marc:datafield ind1=" " ind2=" " tag="305">
					<marc:subfield code="a">Archivé à la Cité de la musique</marc:subfield>
				</marc:datafield>
				<marc:datafield ind1=" " ind2="|" tag="700">
					<marc:subfield code="3" id="948266">
						<marc:record>
							<marc:controlfield tag="000">nx</marc:controlfield>
							<marc:controlfield tag="001">948266</marc:controlfield>
							<marc:datafield ind1=" " ind2=" " tag="100">
								<marc:subfield code="a">20100903afrey01010101ba0</marc:subfield>
							</marc:datafield>
							<marc:datafield ind1=" " ind2="|" tag="200">
								<marc:subfield code="a">Schaefer</marc:subfield>
								<marc:subfield code="b">Katja</marc:subfield>
							</marc:datafield>
							<marc:datafield ind1=" " ind2="|" tag="801">
								<marc:subfield code="a" referentialName="AUC:PAYS" referentialType="TABLE">FR</marc:subfield>
								<marc:subfield code="b">CITE MUSIQUE</marc:subfield>
								<marc:subfield code="c">20100903</marc:subfield>
							</marc:datafield>
							<marc:datafield ind1=" " ind2=" " tag="937">
								<marc:subfield code="a">APEP</marc:subfield>
							</marc:datafield>
							<marc:datafield ind1="|" ind2="|" tag="941">
								<marc:subfield code="a">AIC1</marc:subfield>
							</marc:datafield>
						</marc:record>