
						<marc:rule>AUC:8</marc:rule>
						<marc:area>AUT</marc:area>
						<marc:noticeType>APEP</marc:noticeType>
					</marc:subfield>
					<marc:subfield code="4" referentialName="UNI:FONCTION" referentialType="TABLE">800</marc:subfield>
				</marc:datafield>
				<marc:datafield ind1=" " ind2="|" tag="702">
					<marc:subfield code="3" id="560180">
						<marc:record>
							<marc:controlfield tag="000">nx</marc:controlfield>
							<marc:controlfield tag="001">560180</marc:controlfield>
							<marc:datafield ind1=" " ind2=" " tag="100">
								<marc:subfield code="a">20040930afrey01010101ba0</marc:subfield>
							</marc:datafield>
							<marc:datafield ind1=" " ind2=" " tag="120">
								<marc:subfield code="a">a </marc:subfield>
							</marc:datafield>
							<marc:datafield ind1=" " ind2="|" tag="200">
								<marc:subfield code="a">Louis</marc:subfield>
								<marc:subfield code="b">Christiane</marc:subfield>
								<marc:subfield code="f">1958-....</marc:subfield>
							</marc:datafield>
							<marc:datafield ind1=" " ind2="|" tag="801">
								<marc:subfield code="a" referentialName="AUC:PAYS" referentialType="TABLE">FR</marc:subfield>
								<marc:subfield code="b">Cité de la Musique - Philharmonie de Paris</marc:subfield>
								<marc:subfield code="c">20040930</marc:subfield>
							</marc:datafield>
							<marc:datafield ind1=" " ind2=" " tag="937">
								<marc:subfield code="a">APEP</marc:subfield>
							</marc:datafield>
							<marc:datafield ind1="|" ind2="|" tag="941">
								<marc:subfield code="a">AIC1</marc:subfield>
							</marc:datafield>
						</marc:record>
						<marc:rule>AUC:8</marc:rule>
						<marc:area>AUT</marc:area>
						<marc:noticeType>APEP</marc:noticeType>
					</marc:subfield>
					<marc:subfield code="4" referentialName="UNI:FONCTION" referentialType="TABLE">800</marc:subfield>
				</marc:datafield>
				<marc:datafield ind1=" " ind2="|" tag="801">
					<marc:subfield code="a" referentialName="UNI:PAYS" referentialType="TABLE">FR</marc:subfield>
					<marc:subfield code="b">Cité de la Musique - Philharmonie de Paris</marc:subfield>
					<marc:subfield code="c">20100903</marc:subfield>
				</marc:datafield>
				<marc:datafield ind1="|" ind2="1" tag="856">
					<marc:subfield code="d">CMAU000115903_01</marc:subfield>
				</marc:datafield>
				<marc:datafield ind1=" " ind2=" " tag="937">
					<marc:subfield code="a">MPA2</marc:subfield>
				</marc:datafield>
				<marc:datafield ind1=" " ind2=" " tag="942">
					<marc:subfield code="c">UNI42P</marc:subfield>
					<marc:subfield code="#">0</marc:subfield>
				</marc:datafield>
				<marc:datafield ind1=" " ind2=" " tag="946">
					<marc:subfield code="a">20070317</marc:subfield>
					<marc:subfield code="#">0</marc:subfield>
				</marc:datafield>
			</marc:record>