
			<marc:rule>UNI:1</marc:rule>
			<marc:area>BIB</marc:area>
			<marc:noticeType>MPA2</marc:noticeType>
		</marc:subfield>
	</marc:datafield>

	<marc:datafield ind1=" " ind2="|" tag="959">
		<marc:subfield code="3" id="948267">
			<marc:record>
				<marc:controlfield tag="000">am</marc:controlfield>
				<marc:controlfield tag="001">948267</marc:controlfield>
				<marc:datafield ind1=" " ind2=" " tag="100">
					<marc:subfield code="a">20100903m2007         fre 03      ba</marc:subfield>
				</marc:datafield>
				<marc:datafield ind1="|" ind2="|" tag="101">
					<marc:subfield code="a" referentialName="UNI:LANGUES" referentialType="TABLE">fre</marc:subfield>
				</marc:datafield>
				<marc:datafield ind1=" " ind2=" " tag="102">
					<marc:subfield code="a" referentialName="UNI:PAYS" referentialType="TABLE">FR</marc:subfield>
				</marc:datafield>
				<marc:datafield ind1="|" ind2=" " tag="200">
					<marc:subfield code="a">Introduction à la deuxième partie de la journée</marc:subfield>
					<marc:subfield code="b">Enregistrement sonore</marc:subfield>
					<marc:subfield code="f">Philippe Geoffroy</marc:subfield>
				</marc:datafield>
				<marc:datafield ind1="|" ind2="|" tag="210">
					<marc:subfield code="a">Paris</marc:subfield>
					<marc:subfield code="c">Cité de la musique</marc:subfield>
					<marc:subfield code="d">2007</marc:subfield>
				</marc:datafield>
				<marc:datafield ind1=" " ind2=" " tag="215">
					<marc:subfield code="a">3 min 4 sec</marc:subfield>
				</marc:datafield>
				<marc:datafield ind1=" " ind2=" " tag="305">
					<marc:subfield code="a">Archivé à la Cité de la musique</marc:subfield>
				</marc:datafield>
				<marc:datafield ind1=" " ind2="|" tag="700">
					<marc:subfield code="3" id="948270">
						<marc:record>
							<marc:controlfield tag="000">nx</marc:controlfield>
							<marc:controlfield tag="001">948270</marc:controlfield>
							<marc:datafield ind1=" " ind2=" " tag="100">
								<marc:subfield code="a">20100903afrey01010101ba0</marc:subfield>
							</marc:datafield>
							<marc:datafield ind1=" " ind2="|" tag="200">
								<marc:subfield code="a">Geoffroy</marc:subfield>
								<marc:subfield code="b">Philippe</marc:subfield>
							</marc:datafield>
							<marc:datafield ind1=" " ind2="|" tag="801">
								<marc:subfield code="a" referentialName="AUC:PAYS" referentialType="TABLE">FR</marc:subfield>
								<marc:subfield code="b">CITE MUSIQUE</marc:subfield>
								<marc:subfield code="c">20100903</marc:subfield>
							</marc:datafield>
							<marc:datafield ind1=" " ind2=" " tag="937">
								<marc:subfield code="a">APEP</marc:subfield>
							</marc:datafield>
							<marc:datafield ind1="|" ind2="|" tag="941">
								<marc:subfield code="a">AIC1</marc:subfield>
							</marc:datafield>
						</marc:record>
						<marc:rule>AUC:8</marc:rule>
						<marc:area>AUT</marc:area>
						<marc:noticeType>APEP</marc:noticeType>
					</marc:subfield>
					<marc:subfield code="4" referentialName="UNI:FONCTION" referentialType="TABLE">800</marc:subfield>
				</marc:datafield>
				<marc:datafield ind1=" " ind2="|" tag="801">
					<marc:subfield code="a" referentialName="UNI:PAYS" referentialType="TABLE">FR</marc:subfield>
					<marc:subfield code="b">Cité de la Musique - Philharmonie de Paris</marc:subfield>
					<marc:subfield code="c">20100903</marc:subfield>
				</marc:datafield>
				<marc:datafield ind1="|" ind2="1" tag="856">
					<marc:subfield code="d">CMAU000115904_01</marc:subfield>
				</marc:datafield>
				<marc:datafield ind1=" " ind2=" " tag="937">
					<marc:subfield code="a">MPA2</marc:subfield>
				</marc:datafield>
				<marc:datafield ind1=" " ind2=" " tag="942">
					<marc:subfield code="c">UNI42P</marc:subfield>
					<marc:subfield code="#">0</marc:subfield>
				</marc:datafield>
				<marc:datafield ind1=" " ind2=" " tag="946">
					<marc:subfield code="a">20070317</marc:subfield>
					<marc:subfield code="#">0</marc:subfield>
				</marc:datafield>
			</marc:record>