
						<marc:rule>AUC:8</marc:rule>
						<marc:area>AUT</marc:area>
						<marc:noticeType>APEP</marc:noticeType>
					</marc:subfield>
					<marc:subfield code="4" referentialName="UNI:FONCTION" referentialType="TABLE">800</marc:subfield>
				</marc:datafield>
				<marc:datafield ind1=" " ind2="|" tag="701">
					<marc:subfield code="3" id="948275">
						<marc:record>
							<marc:controlfield tag="000">nx</marc:controlfield>
							<marc:controlfield tag="001">948275</marc:controlfield>
							<marc:datafield ind1=" " ind2=" " tag="100">
								<marc:subfield code="a">20100903afrey01010101ba0</marc:subfield>
							</marc:datafield>
							<marc:datafield ind1=" " ind2="|" tag="200">
								<marc:subfield code="a">Hoefener</marc:subfield>
								<marc:subfield code="b">Kristin</marc:subfield>
							</marc:datafield>
							<marc:datafield ind1=" " ind2="|" tag="801">
								<marc:subfield code="a" referentialName="AUC:PAYS" referentialType="TABLE">FR</marc:subfield>
								<marc:subfield code="b">CITE MUSIQUE</marc:subfield>
								<marc:subfield code="c">20100903</marc:subfield>
							</marc:datafield>
							<marc:datafield ind1=" " ind2=" " tag="937">
								<marc:subfield code="a">APEP</marc:subfield>
							</marc:datafield>
							<marc:datafield ind1="|" ind2="|" tag="941">
								<marc:subfield code="a">AIC1</marc:subfield>
							</marc:datafield>
						</marc:record>
						<marc:rule>AUC:8</marc:rule>
						<marc:area>AUT</marc:area>
						<marc:noticeType>APEP</marc:noticeType>
					</marc:subfield>
					<marc:subfield code="4" referentialName="UNI:FONCTION" referentialType="TABLE">800</marc:subfield>
				</marc:datafield>
				<marc:datafield ind1=" " ind2="|" tag="801">
					<marc:subfield code="a" referentialName="UNI:PAYS" referentialType="TABLE">FR</marc:subfield>
					<marc:subfield code="b">Cité de la Musique - Philharmonie de Paris</marc:subfield>
					<marc:subfield code="c">20100903</marc:subfield>
				</marc:datafield>
				<marc:datafield ind1="|" ind2="1" tag="856">
					<marc:subfield code="d">CMAU000115904_02</marc:subfield>
				</marc:datafield>
				<marc:datafield ind1=" " ind2=" " tag="937">
					<marc:subfield code="a">MPA2</marc:subfield>
				</marc:datafield>
				<marc:datafield ind1=" " ind2=" " tag="942">
					<marc:subfield code="c">UNI42P</marc:subfield>
					<marc:subfield code="#">0</marc:subfield>
				</marc:datafield>
				<marc:datafield ind1=" " ind2=" " tag="946">
					<marc:subfield code="a">20070317</marc:subfield>
					<marc:subfield code="#">0</marc:subfield>
				</marc:datafield>
				<marc:datafield ind1=" " ind2=" " tag="948">
					<marc:subfield code="a">CMAU000115904_02</marc:subfield>
					<marc:subfield code="b">42:32</marc:subfield>
					<marc:subfield code="c">45:26</marc:subfield>
					<marc:subfield code="m">CMAU000115900_e</marc:subfield>
					<marc:subfield code="#">0</marc:subfield>
				</marc:datafield>
			</marc:record>