
			<marc:rule>UNI:1</marc:rule>
			<marc:area>BIB</marc:area>
			<marc:noticeType>MPA2</marc:noticeType>
		</marc:subfield>
	</marc:datafield>

	<marc:datafield ind1=" " ind2="|" tag="959">
		<marc:subfield code="3" id="948283">
			<marc:record>
				<marc:controlfield tag="000">am</marc:controlfield>
				<marc:controlfield tag="001">948283</marc:controlfield>
				<marc:datafield ind1=" " ind2=" " tag="100">
					<marc:subfield code="a">20100903m2007         fre 03      ba</marc:subfield>
				</marc:datafield>
				<marc:datafield ind1="|" ind2="|" tag="101">
					<marc:subfield code="a" referentialName="UNI:LANGUES" referentialType="TABLE">fre</marc:subfield>
				</marc:datafield>
				<marc:datafield ind1=" " ind2=" " tag="102">
					<marc:subfield code="a" referentialName="UNI:PAYS" referentialType="TABLE">FR</marc:subfield>
				</marc:datafield>
				<marc:datafield ind1="|" ind2=" " tag="200">
					<marc:subfield code="a">Echange avec le public</marc:subfield>
					<marc:subfield code="b">Enregistrement sonore</marc:subfield>
					<marc:subfield code="f">[Auteurs divers]</marc:subfield>
				</marc:datafield>
				<marc:datafield ind1="|" ind2="|" tag="210">
					<marc:subfield code="a">Paris</marc:subfield>
					<marc:subfield code="c">Cité de la musique</marc:subfield>
					<marc:subfield code="d">2007</marc:subfield>
				</marc:datafield>
				<marc:datafield ind1=" " ind2=" " tag="215">
					<marc:subfield code="a">10 min 12 sec</marc:subfield>
				</marc:datafield>
				<marc:datafield ind1=" " ind2=" " tag="305">
					<marc:subfield code="a">Archivé à la Cité de la musique</marc:subfield>
				</marc:datafield>
				<marc:datafield ind1=" " ind2="|" tag="801">
					<marc:subfield code="a" referentialName="UNI:PAYS" referentialType="TABLE">FR</marc:subfield>
					<marc:subfield code="b">Cité de la Musique - Philharmonie de Paris</marc:subfield>
					<marc:subfield code="c">20100903</marc:subfield>
				</marc:datafield>
				<marc:datafield ind1="|" ind2="1" tag="856">
					<marc:subfield code="d">CMAU000115905_05</marc:subfield>
				</marc:datafield>
				<marc:datafield ind1=" " ind2=" " tag="937">
					<marc:subfield code="a">MPA2</marc:subfield>
				</marc:datafield>
				<marc:datafield ind1=" " ind2=" " tag="942">
					<marc:subfield code="c">UNI42P</marc:subfield>
					<marc:subfield code="#">0</marc:subfield>
				</marc:datafield>
				<marc:datafield ind1=" " ind2=" " tag="946">
					<marc:subfield code="a">20070317</marc:subfield>
					<marc:subfield code="#">0</marc:subfield>
				</marc:datafield>
			</marc:record>
			<marc:rule>UNI:1</marc:rule>
			<marc:area>BIB</marc:area>
			<marc:noticeType>MPA2</marc:noticeType>
		</marc:subfield>
	</marc:datafield>

	<marc:datafield ind1=" " ind2=" " tag="997">
		<marc:subfield code="3" id="948222">
			<marc:record>
				<marc:controlfield tag="000">oe</marc:controlfield>
				<marc:controlfield tag="001">948222</marc:controlfield>
				<marc:datafield ind1=" " ind2=" " tag="915">
					<marc:subfield code="b">CMAU000115900_CDAS</marc:subfield>
					<marc:subfield code="a">CMAU000115900_CDAS</marc:subfield>
				</marc:datafield>
				<marc:datafield ind1=" " ind2=" " tag="920">
					<marc:subfield code="d">03/09/2010</marc:subfield>
					<marc:subfield code="t" referentialName="EXE:TYPDOC" referentialType="TABLE">CDAS</marc:subfield>
					<marc:subfield code="n">5</marc:subfield>
				</marc:datafield>
				<marc:datafield ind1=" " ind2=" " tag="930">
					<marc:subfield code="c" referentialName="BIBLIOTHEQUE" referentialType="FICHIER">M</marc:subfield>
					<marc:subfield code="d" referentialName="EXE:SECTION" referentialType="TABLE">RES1</marc:subfield>
					<marc:subfield code="g">ARCH 2007-03-17</marc:subfield>
				</marc:datafield>
				<marc:datafield ind1=" " ind2=" " tag="937">
					<marc:subfield code="a">EXEM</marc:subfield>
				</marc:datafield>
			</marc:record>
			<marc:rule>EXE:97</marc:rule>
			<marc:area>EXE</marc:area>
			<marc:noticeType>EXEM</marc:noticeType>
		</marc:subfield>
	</marc:datafield>

	<marc:datafield ind1=" " ind2=" " tag="997">
		<marc:subfield code="3" id="948223">
			<marc:record>
				<marc:controlfield tag="000">oe</marc:controlfield>
				<marc:controlfield tag="001">948223</marc:controlfield>
				<marc:datafield ind1=" " ind2=" " tag="915">
					<marc:subfield code="b">CMAU000115900_DVDAS</marc:subfield>
					<marc:subfield code="a">CMAU000115900_DVDAS</marc:subfield>
				</marc:datafield>
				<marc:datafield ind1=" " ind2=" " tag="920">
					<marc:subfield code="d">03/09/2010</marc:subfield>
					<marc:subfield code="t" referentialName="EXE:TYPDOC" referentialType="TABLE">DVDAS</marc:subfield>
					<marc:subfield code="n">2</marc:subfield>
				</marc:datafield>
				<marc:datafield ind1=" " ind2=" " tag="930">
					<marc:subfield code="c" referentialName="BIBLIOTHEQUE" referentialType="FICHIER">M</marc:subfield>
					<marc:subfield code="d" referentialName="EXE:SECTION" referentialType="TABLE">RES1</marc:subfield>
					<marc:subfield code="g">ARCH 2007-03-17</marc:subfield>
				</marc:datafield>
				<marc:datafield ind1=" " ind2=" " tag="937">
					<marc:subfield code="a">EXEM</marc:subfield>
				</marc:datafield>
			</marc:record>
			<marc:rule>EXE:97</marc:rule>
			<marc:area>EXE</marc:area>
			<marc:noticeType>EXEM</marc:noticeType>
		</marc:subfield>
	</marc:datafield>

	<marc:datafield ind1=" " ind2=" " tag="997">
		<marc:subfield code="3" id="948224">
			<marc:record>
				<marc:controlfield tag="000">oe</marc:controlfield>
				<marc:controlfield tag="001">948224</marc:controlfield>
				<marc:datafield ind1=" " ind2=" " tag="915">
					<marc:subfield code="b">CMAU000115900_CDA</marc:subfield>
					<marc:subfield code="a">CMAU000115900_CDA</marc:subfield>
				</marc:datafield>
				<marc:datafield ind1=" " ind2=" " tag="920">
					<marc:subfield code="d">03/09/2010</marc:subfield>
					<marc:subfield code="t" referentialName="EXE:TYPDOC" referentialType="TABLE">CDA</marc:subfield>
					<marc:subfield code="n">5</marc:subfield>
				</marc:datafield>
				<marc:datafield ind1=" " ind2=" " tag="930">
					<marc:subfield code="c" referentialName="BIBLIOTHEQUE" referentialType="FICHIER">M</marc:subfield>
					<marc:subfield code="d" referentialName="EXE:SECTION" referentialType="TABLE">RES1</marc:subfield>
					<marc:subfield code="g">ARCH 2007-03-17</marc:subfield>
				</marc:datafield>
				<marc:datafield ind1=" " ind2=" " tag="937">
					<marc:subfield code="a">EXEM</marc:subfield>
				</marc:datafield>
			</marc:record>
			<marc:rule>EXE:97</marc:rule>
			<marc:area>EXE</marc:area>
			<marc:noticeType>EXEM</marc:noticeType>
		</marc:subfield>
	</marc:datafield>

	<marc:datafield ind1=" " ind2=" " tag="997">
		<marc:subfield code="3" id="948225">
			<marc:record>
				<marc:controlfield tag="000">oe</marc:controlfield>
				<marc:controlfield tag="001">948225</marc:controlfield>
				<marc:datafield ind1=" " ind2=" " tag="915">
					<marc:subfield code="b">CMAU000115900_CDM</marc:subfield>
					<marc:subfield code="a">CMAU000115900_CDM</marc:subfield>
				</marc:datafield>
				<marc:datafield ind1=" " ind2=" " tag="920">
					<marc:subfield code="d">03/09/2010</marc:subfield>
					<marc:subfield code="t" referentialName="EXE:TYPDOC" referentialType="TABLE">CDM</marc:subfield>
					<marc:subfield code="n">5</marc:subfield>
				</marc:datafield>
				<marc:datafield ind1=" " ind2=" " tag="930">
					<marc:subfield code="c" referentialName="BIBLIOTHEQUE" referentialType="FICHIER">M</marc:subfield>
					<marc:subfield code="d" referentialName="EXE:SECTION" referentialType="TABLE">RES1</marc:subfield>
					<marc:subfield code="g">ARCH 2007-03-17</marc:subfield>
				</marc:datafield>
				<marc:datafield ind1=" " ind2=" " tag="937">
					<marc:subfield code="a">EXEM</marc:subfield>
				</marc:datafield>
			</marc:record>
			<marc:rule>EXE:97</marc:rule>
			<marc:area>EXE</marc:area>
			<marc:noticeType>EXEM</marc:noticeType>
		</marc:subfield>
	</marc:datafield>

	<marc:datafield ind1=" " ind2=" " tag="997">
		<marc:subfield code="3" id="948226">
			<marc:record>
				<marc:controlfield tag="000">oe</marc:controlfield>
				<marc:controlfield tag="001">948226</marc:controlfield>
				<marc:datafield ind1=" " ind2=" " tag="915">
					<marc:subfield code="b">CMAU000115900_DVDR</marc:subfield>
					<marc:subfield code="a">CMAU000115900_DVDR</marc:subfield>
				</marc:datafield>
				<marc:datafield ind1=" " ind2=" " tag="920">
					<marc:subfield code="d">03/09/2010</marc:subfield>
					<marc:subfield code="t" referentialName="EXE:TYPDOC" referentialType="TABLE">DVDR</marc:subfield>
					<marc:subfield code="n">2</marc:subfield>
				</marc:datafield>
				<marc:datafield ind1=" " ind2=" " tag="930">
					<marc:subfield code="c" referentialName="BIBLIOTHEQUE" referentialType="FICHIER">M</marc:subfield>
					<marc:subfield code="d" referentialName="EXE:SECTION" referentialType="TABLE">RES1</marc:subfield>
					<marc:subfield code="g">ARCH 2007-03-17</marc:subfield>
				</marc:datafield>
				<marc:datafield ind1=" " ind2=" " tag="937">
					<marc:subfield code="a">EXEM</marc:subfield>
				</marc:datafield>
			</marc:record>
			<marc:rule>EXE:97</marc:rule>
			<marc:area>EXE</marc:area>
			<marc:noticeType>EXEM</marc:noticeType>
		</marc:subfield>
	</marc:datafield>

	<marc:datafield tag="DATECREAT">05/04/2007 17:35:50</marc:datafield>

	<marc:datafield tag="DATEMODIF">17/02/2025 15:54:04</marc:datafield>

	<marc:datafield tag="CREATEUR">JNAVAS</marc:datafield>

	<marc:datafield tag="MODIFICATEUR">ADMINEXPLOITATION</marc:datafield>

	<marc:datafield referentialName="EXE:STATUT" referentialType="TABLE" tag="STATUT">01</marc:datafield>

	<marc:datafield tag="TRAITEMENT">PARTIEL911</marc:datafield>

	<marc:datafield tag="NBPRETAN">0</marc:datafield>

	<marc:datafield tag="PRETCUM">0</marc:datafield>

	<marc:datafield tag="NBRESAAN">0</marc:datafield>

	<marc:datafield tag="RESACUM">0</marc:datafield>

	<marc:datafield tag="LIBREGLE">Document</marc:datafield>

	<marc:datafield tag="NBABO">0</marc:datafield>

	<marc:datafield tag="IDENTIFIANT">807429</marc:datafield>

	<marc:datafield referentialName="UNI:TYPE-DE-NOTICE" referentialType="TABLE" tag="TYPEDENOTICE">MPA1</marc:datafield>

	<marc:datafield tag="ACTIF">1</marc:datafield>

	<marc:datafield tag="NBFILLE">14</marc:datafield>

	<marc:datafield tag="TYPEDENOTICELIB">Manifestation parlée audio CMPP</marc:datafield>

	<marc:datafield tag="TRAITLIB">Import partile des 911</marc:datafield>

	<marc:datafield tag="IDORIGINE">807429</marc:datafield>

	<marc:datafield tag="RESERVE">0</marc:datafield>

	<marc:datafield tag="NBRES">0</marc:datafield>

	<marc:datafield tag="MMNBDOCPRIMAIRE">0</marc:datafield>

	<marc:datafield tag="MMESTVERSIONNUM">0</marc:datafield>

	<marc:datafield tag="DCENRICHIE">0</marc:datafield>

	<marc:datafield tag="IDEXTERNE_IDENTIFIANTTRADUCTION"/>

	<marc:datafield tag="IDEXTERNE_IDENTIFIANTTRADUCTION_NBNOTICES">0</marc:datafield>

	<marc:datafield tag="IDEXTERNE_IDENTIFIANTEAD"/>

	<marc:datafield tag="IDEXTERNE_IDENTIFIANTEAD_NBNOTICES">0</marc:datafield>

	<marc:datafield tag="ESTSURNOTICE">0</marc:datafield>

	<marc:datafield tag="RESADATECREA"> </marc:datafield>

	<marc:datafield tag="NBPRETAN-1">0</marc:datafield>

	<marc:datafield tag="NBPRETAN-2">0</marc:datafield>

	<marc:datafield tag="NBPRETAN-3">0</marc:datafield>

	<marc:datafield tag="NBRESAAN-1">0</marc:datafield>

	<marc:datafield tag="NBRESAAN-2">0</marc:datafield>

	<marc:datafield tag="NBRESAAN-3">0</marc:datafield>

	<marc:datafield tag="SYSBASE">SYRACUSE</marc:datafield>

	<marc:datafield tag="ISSUBULLETINAGE">0</marc:datafield>

	<marc:datafield tag="MODDATE">17/02/2025 15:54:03</marc:datafield>

	<marc:datafield tag="MODPOSTE">J-NAVAS</marc:datafield>

	<marc:datafield tag="MODUTIL">ADMINEXPLOITATION</marc:datafield>

	<marc:datafield tag="MODPRG">RECTIFFONDSRest</marc:datafield>

	<marc:datafield tag="CRYSTALPATHMODIF">crystal://EXPLOITATION/user=dedf46600b4ee4c8f590c648a15b9ca4</marc:datafield>

	<marc:datafield tag="MODCRYSTALPATH">crystal://EXPLOITATION/user=dedf46600b4ee4c8f590c648a15b9ca4</marc:datafield>

</marc:record>

